@book{zavatta_souvenirs_2008,
	address = {Paris},
	title = {Souvenirs et anecdotes: {Trente} ans de cirque},
	isbn = {978-2-915842-35-7},
	shorttitle = {Souvenirs et anecdotes},
	publisher = {Cartouche},
	author = {Zavatta, Achille et Orlan, Pierre Mac},
	month = oct,
	year = {2008},
}
@book{gistau_il_2021,
	title = {Il était une fois le cirque},
	publisher = {Éditions Domino},
	author = {Gistau, Stéphan},
	year = {2021},
}
@book{gruss_dictionnaire_2022,
	address = {Paris},
	title = {Le dictionnaire de ma vie},
	publisher = {Kero},
	author = {Grüss, Alexis},
	year = {2022},
}
@book{auguet_1935-1994_histoire_1974,
	title = {Histoire et légende du cirque},
	author = {Auguet, Roland},
	publisher = {Flammarion},
	year = {1974},
}
@book{thetard_1884-1968_dompteurs_2010,
	title = {Les dompteurs ou {La} ménagerie des origines à nos jours},
	author = {Thétard, Henry},
	publisher = {Gallimard},
	year = {1928},
}
@book{thetard_histoire,
	title = {La merveilleuse histoire du cirque},
	author = {Thétard, Henry},
	publisher = {Prisma},
	year = {1947},
}
@book{achille,
	title = {Viva Zavatta},
	author = {Zavatta, Achille},
	publisher = {Robert Laffont},
	year = {1976},
}
@book{jando,
	title = {Histoire mondiale du cirque},
	author = {Jando, Dominique},
	publisher = {J.-P. Delarge},
	year = {1977},
}
@misc{noauthor_biographie_nodate,
	title = {Biographie {\textbar} {josephbouglione}.com},
	url = {https://www.josephbouglione.com/biographie},
	abstract = {Directeur artistique du Cirque d'Hiver, créateur et regisseur de spectacles dans le monde entier
	josephbouglione.com},
	language = {fr},
	urldate = {2023-04-09},
	journal = {josephbouglione},
	file = {Snapshot:C\:\\Users\\issak\\Zotero\\storage\\LN36AFN6\\biographie.html:text/html},
}

@article{a_13h00_lecole_2023,
	title = {L’École du cirque de {Lizy}-sur-{Ourcq} : la surprise que {Joseph}-{Jacques} {Bouglione} couve pour {Pâques} !},
	journal = {leparisien.fr},
	author = {Roselé, Sébastien},
	year = {2023},
}
